<?xml version="1.0" encoding="UTF-8"?>
<SOAP-ENV:Envelope xmlns:SOAP-ENV="http://schemas.xmlsoap.org/soap/envelope/" xmlns:of="http://oss.dbc.dk/ns/openformat" xmlns:ofo="http://oss.dbc.dk/ns/openformatoutput"><SOAP-ENV:Body><of:formatResponse><marc21><mx:record xmlns:mx="http://www.loc.gov/MARC21/slim" format="MARC21" type="Bibliographic"><mx:leader>00000nam a22000008c 4500</mx:leader><mx:controlfield tag="008">000000s2012    xxu|||||      00||0 eng|d</mx:controlfield><mx:datafield ind1=" " ind2=" " tag="010"><mx:subfield code="a">2012012373</mx:subfield></mx:datafield><mx:datafield ind1=" " ind2=" " tag="020"><mx:subfield code="a">9780415633765 (hbk.)</mx:subfield></mx:datafield><mx:datafield ind1=" " ind2=" " tag="020"><mx:subfield code="a">9780415633772 (pbk.)</mx:subfield></mx:datafield><mx:datafield ind1=" " ind2=" " tag="020"><mx:subfield code="a">9780203094839 (ebk.)</mx:subfield></mx:datafield><mx:datafield ind1="1" ind2=" " tag="029"><mx:subfield code="a">DKDLA</mx:subfield><mx:subfield code="b">810010-katalog:008423815</mx:subfield></mx:datafield><mx:datafield ind1=" " ind2=" " tag="040"><mx:subfield code="a">DKDLA</mx:subfield><mx:subfield code="b">dan</mx:subfield><mx:subfield code="c">DKDLA</mx:subfield></mx:datafield><mx:datafield ind1=" " ind2=" " tag="043"><mx:subfield code="a">n-us---</mx:subfield></mx:datafield><mx:datafield ind1="1" ind2="4" tag="050"><mx:subfield code="a">JK526 2008</mx:subfield><mx:subfield code="b">.R45 2012</mx:subfield></mx:datafield><mx:datafield ind1=" " ind2="4" tag="082"><mx:subfield code="a">324.973 0931</mx:subfield><mx:subfield code="2">23</mx:subfield></mx:datafield><mx:datafield ind1="1" ind2="0" tag="245"><mx:subfield code="a">Religion, race, and Barack Obama's new democratic pluralism/</mx:subfield><mx:subfield code="c">Gastón Espinosa, editor</mx:subfield></mx:datafield><mx:datafield ind1=" " ind2=" " tag="260"><mx:subfield code="a">New York :</mx:subfield><mx:subfield code="b">Routledge,</mx:subfield><mx:subfield code="c">2012</mx:subfield></mx:datafield><mx:datafield ind1=" " ind2=" " tag="300"><mx:subfield code="a">p. cm.</mx:subfield></mx:datafield><mx:datafield ind1="1" ind2=" " tag="490"><mx:subfield code="a">Routledge research in American politics and governance ;</mx:subfield><mx:subfield code="v">2</mx:subfield></mx:datafield><mx:datafield ind1="1" ind2="4" tag="600"><mx:subfield code="a">Obama, Barack</mx:subfield></mx:datafield><mx:datafield ind1="1" ind2=" " tag="700"><mx:subfield code="a">Espinosa, Gastón</mx:subfield></mx:datafield><mx:datafield ind1=" " ind2="0" tag="830"><mx:subfield code="a">Routledge research in American politics and governance ;</mx:subfield><mx:subfield code="v">2</mx:subfield></mx:datafield></mx:record><hs activity="insert">DKDLA</hs><hs activity="insert">DKB</hs></marc21></of:formatResponse></SOAP-ENV:Body></SOAP-ENV:Envelope>
